<?xml version="1.0" encoding="UTF-8"?><collection xmlns="http://www.loc.gov/MARC21/slim"><record><leader>00533nam--2200181-i-4500</leader><controlfield tag="001">000040760</controlfield><controlfield tag="002">20161230</controlfield><controlfield tag="005">20161230201042</controlfield><controlfield tag="008">060222s1000------------r-----000-0-ger-d</controlfield><datafield ind1=" " ind2=" " tag="040"><subfield code="a">IFIN-HH</subfield></datafield><datafield ind1=" " ind2=" " tag="041"><subfield code="a">ger</subfield></datafield><datafield ind1=" " ind2=" " tag="080"><subfield code="a">539.217.17(043)</subfield></datafield><datafield ind1="1" ind2=" " tag="100"><subfield code="a">Schug, Josef</subfield></datafield><datafield ind1="1" ind2="0" tag="245"><subfield code="a">Messung von myonen in hadronischen ereignissen mit dem mark j detektor bei petra</subfield><subfield code="b">DISSERTATIONcJOSEF SCHUG</subfield></datafield><datafield ind1=" " ind2=" " tag="260"><subfield code="a">Aachen</subfield><subfield code="b">Rheinisch-westfalischen Technischen</subfield><subfield code="c">1988</subfield></datafield><datafield ind1=" " ind2=" " tag="300"><subfield code="a">92 P</subfield></datafield><datafield ind1=" " ind2=" " tag="852"><subfield code="a">78816</subfield><subfield code="c">539.217</subfield></datafield><datafield ind1=" " ind2=" " tag="CAT"><subfield code="a">Sys</subfield><subfield code="c">20121211</subfield><subfield code="h">125436</subfield></datafield></record></collection>